@article{Dowe07GO,
  title={Bayes not bust! {W}hy simplicity is no problem for {B}ayesians},
  author={Dowe, David L. and Gardner, Steve and Oppy, Graham},
  journal={The British Journal for the Philosophy of Science},
  volume={58},
  number={4},
  pages={709--754},
  year={2007},
  publisher={Oxford University Press}
}

@ARTICLE{Buder:2018,
       author = {{Buder}, Sven and {Asplund}, Martin and {Duong}, Ly and {Kos}, Janez and
        {Lind}, Karin and {Ness}, Melissa K. and {Sharma}, Sanjib and
        {Bland-Hawthorn}, Joss and {Casey}, Andrew R. and {De Silva},
        Gayandhi M. and {D'Orazi}, Valentina and {Freeman}, Ken C. and
        {Lewis}, Geraint F. and {Lin}, Jane and {Martell}, Sarah L. and
        {Schlesinger}, Katharine J. and {Simpson}, Jeffrey D. and
        {Zucker}, Daniel B. and {Zwitter}, Toma{\v{z}} and {Amarsi},
        Anish M. and {Anguiano}, Borja and {Carollo}, Daniela and
        {Casagrande}, Luca and {{\v{C}}otar}, Klemen and {Cottrell},
        Peter L. and {Da Costa}, Gary and {Gao}, Xudong D. and {Hayden},
        Michael R. and {Horner}, Jonathan and {Ireland}, Michael J. and
        {Kafle}, Prajwal R. and {Munari}, Ulisse and {Nataf}, David M.
        and {Nordlander}, Thomas and {Stello}, Dennis and {Ting}, Yuan-
        Sen and {Traven}, Gregor and {Watson}, Fred and {Wittenmyer},
        Robert A. and {Wyse}, Rosemary F.~G. and {Yong}, David and
        {Zinn}, Joel C. and {{\v{Z}}erjal}, Maru{\v{s}}a},
        title = "{The GALAH Survey: second data release}",
      journal = {The Monthly Notices of the Royal Astronomical Society},
     keywords = {Surveys, the Galaxy, methods: observational, methods: data analysis,
        stars: fundamental parameters, stars: abundances, Astrophysics -
        Solar and Stellar Astrophysics, Astrophysics - Astrophysics of
        Galaxies},
         year = 2018,
        month = Aug,
       volume = {478},
        pages = {4513-4552},
          doi = {10.1093/mnras/sty1281},
 primaryClass = {astro-ph.SR},
       adsurl = {https://ui.adsabs.harvard.edu/#abs/2018MNRAS.478.4513B},
      adsnote = {Provided by the SAO/NASA Astrophysics Data System}
}




@ARTICLE{Hogg:2016,
       author = {{Hogg}, David W. and {Casey}, Andrew R. and {Ness}, Melissa and {Rix},
        Hans-Walter and {Foreman-Mackey}, Daniel and {Hasselquist}, Sten
        and {Ho}, Anna Y.~Q. and {Holtzman}, Jon A. and {Majewski},
        Steven R. and {Martell}, Sarah L. and {M{\'e}sz{\'a}ros},
        Szabolcs and {Nidever}, David L. and {Shetrone}, Matthew},
        title = "{Chemical Tagging Can Work: Identification of Stellar Phase-space
        Structures Purely by Chemical-abundance Similarity}",
      journal = {The Astrophysical Journal},
     keywords = {Galaxy: abundances, Galaxy: stellar content, Galaxy: structure, globular
        clusters: general, open clusters and associations: general,
        stars: abundances, Astrophysics - Astrophysics of Galaxies,
        Astrophysics - Solar and Stellar Astrophysics},
         year = 2016,
        month = Dec,
       volume = {833},
          eid = {262},
        pages = {262},
          doi = {10.3847/1538-4357/833/2/262},
 primaryClass = {astro-ph.GA},
       adsurl = {https://ui.adsabs.harvard.edu/#abs/2016ApJ...833..262H},
      adsnote = {Provided by the SAO/NASA Astrophysics Data System}
}




@book{Wallace:2005,
title={Statistical and inductive inference by minimum message length},
    author={Wallace, Christopher S},
    year={2005},
    publisher={Springer Science \& Business Media}
}

@article{akaike1974,
    title={A new look at the statistical model identification},
    author={Akaike, Hirotugu},
    journal={IEEE transactions on automatic control},
    volume={19},
    number={6},
    pages={716--723},
    year={1974},
    publisher={IEEE}
}

@article{dempster1977maximum,
  title={Maximum likelihood from incomplete data via the EM algorithm},
  author={Dempster, Arthur P and Laird, Nan M and Rubin, Donald B},
  journal={Journal of the royal statistical society. Series B (methodological)},
  pages={1--38},
  year={1977},
  publisher={JSTOR}
}

@book{akaike1971determination,
  title={Determination of the number of factors by an extended maximum likelihood principle},
  author={Akaike, Hirotsugu},
  year={1971},
  publisher={Institute of Statistical Mathematics}
}

@book{Magnus|Neudecker:1988,
title={Matrix differential calculus with applications in statistics and econometrics},
    author={J. R. Magnus \& H. Neudecker},
    year={1988},
    publisher={Wiley, New York}
}


@article{Dwyer:1967,
	author = {P. S. Dwyer},
	year = {1967},
	journal = {Journal of the American Statistical Association},
	volume = {62},
	issue = {318},
	pages = {607--625}
}

@article{shimony1994finding,
  title={Finding MAPs for belief networks is NP-hard},
  author={Shimony, Solomon Eyal},
  journal={Artificial Intelligence},
  volume={68},
  number={2},
  pages={399--410},
  year={1994},
  publisher={Elsevier}
}

@inproceedings{oliver1996unsupervised,
  title={Unsupervised learning using MML},
  author={Oliver, Jonathan J and Baxter, Rohan A and Wallace, Chris S},
  booktitle={ICML},
  pages={364--372},
  year={1996}
}

@article{roberts1998bayesian,
  title={Bayesian approaches to Gaussian mixture modeling},
  author={Roberts, Stephen J and Husmeier, Dirk and Rezek, Iead and Penny, William},
  journal={IEEE Transactions on Pattern Analysis and Machine Intelligence},
  volume={20},
  number={11},
  pages={1133--1142},
  year={1998},
  publisher={IEEE}
}

@article{figueiredo2002unsupervised,
  title={Unsupervised learning of finite mixture models},
  author={Figueiredo, Mario A. T. and Jain, Anil K.},
  journal={IEEE Transactions on pattern analysis and machine intelligence},
  volume={24},
  number={3},
  pages={381--396},
  year={2002},
  publisher={IEEE}
}

@article{biernacki2000assessing,
  title={Assessing a mixture model for clustering with the integrated completed likelihood},
  author={Biernacki, Christophe and Celeux, Gilles and Govaert, G{\'e}rard},
  journal={IEEE transactions on pattern analysis and machine intelligence},
  volume={22},
  number={7},
  pages={719--725},
  year={2000},
  publisher={IEEE}
}

@article{Kasarapu|Allison:2015,
  title={Minimum message length estimation of mixtures of multivariate Gaussian and von Mises-Fisher distributions},
  author={Kasarapu, Parthan and Allison, Lloyd},
  journal={Machine Learning},
  volume={100},
  number={2-3},
  pages={333--378},
  year={2015},
  publisher={Springer}
}

@article{schwarz1978estimating,
  title={Estimating the dimension of a model},
  author={Schwarz, Gideon},
  journal={The annals of statistics},
  volume={6},
  number={2},
  pages={461--464},
  year={1978},
  publisher={Institute of Mathematical Statistics},
}

@article{rissanen1978modeling,
  title={Modeling by shortest data description},
  author={Rissanen, Jorma},
  journal={Automatica},
  volume={14},
  number={5},
  pages={465--471},
  year={1978},
  publisher={Elsevier}
}

@article{freeman2002new,
  title={The new Galaxy: signatures of its formation},
  author={Freeman, Ken and Bland-Hawthorn, Joss},
  journal={Annual Review of Astronomy and Astrophysics},
  volume={40},
  number={1},
  pages={487--537},
  year={2002},
  publisher={Annual Reviews 4139 El Camino Way, PO Box 10139, Palo Alto, CA 94303-0139, USA}
}

@article{pancino2010chemical,
  title={Chemical abundance analysis of the open clusters Cr 110, NGC 2099 (M 37), NGC 2420, NGC 7789, and M 67 (NGC 2682)},
  author={Pancino, E and Carrera, R and Rossetti, E and Gallart, C},
  journal={Astronomy \& Astrophysics},
  volume={511},
  pages={A56},
  year={2010},
  publisher={EDP Sciences}
}

@article{dowe2007bayes,
  title={Bayes not bust! Why simplicity is no problem for Bayesians},
  author={Dowe, David L and Gardner, Steve and Oppy, Graham},
  journal={The British Journal for the Philosophy of Science},
  volume={58},
  number={4},
  pages={709--754},
  year={2007},
  publisher={Oxford University Press}
}

@article{agusta2002mml,
  title={{MML} clustering of continuous-valued data using {G}aussian and t distributions},
  author={Agusta, Yudi and Dowe, David L.},
  journal={AI 2002: Advances in Artificial Intelligence},
  pages={143--154},
  year={2002},
  publisher={Springer}
}

@inproceedings{fitzgibbon2004minimum,
  title={Minimum message length autoregressive model order selection},
  author={Fitzgibbon, Leigh J and Dowe, David L and Vahid, Farshid},
  booktitle={Intelligent Sensing and Information Processing, 2004. Proceedings of International Conference on},
  pages={439--444},
  year={2004},
  organization={IEEE}
}

@inproceedings{edgoose1998mml,
  title={An {MML} classification of protein structure that knows about angles and sequence},
  author={Edgoose, T and Allison, L and Dowe, D. L.},
  booktitle={Pac Symp Biocomput},
  volume={3},
  pages={585--596},
  year={1998}
}

@article{viswanathan1999finding,
  title={Finding Outpoints in Noisy Binary Sequencesâ€”A Revised Empirical Evaluation},
  author={Viswanathan, Murlikrishna and Wallace, Chris and Dowe, David L. and Korb, Kevin},
  journal={Advanced Topics in Artificial Intelligence},
  pages={405--416},
  year={1999},
  publisher={Springer}
}
@article{Conway|Sloane:1984,
  doi = {10.1137/0605031},
  url = {https://doi.org/10.1137/0605031},
  year  = {1984},
  month = {sep},
  publisher = {Society for Industrial {\&} Applied Mathematics ({SIAM})},
  volume = {5},
  number = {3},
  pages = {294--305},
  author = {J. H. Conway and N. J. A. Sloane},
  title = {On the Voronoi Regions of Certain Lattices},
  journal = {{SIAM} Journal on Algebraic Discrete Methods}
}

@article{Knorr-Held:2000,
  doi = {10.1002/(sici)1097-0258(20000415)19:7<1006::aid-sim384>3.0.co;2-t},
  url = {https://doi.org/10.1002/(sici)1097-0258(20000415)19:7<1006::aid-sim384>3.0.co;2-t},
  year  = {2000},
  month = {apr},
  publisher = {Wiley},
  volume = {19},
  number = {7},
  pages = {1006--1008},
  author = {Leonhard Knorr-Held},
  title = {Analysis of Incomplete Multivariate Data. J. L. Schafer, Chapman \& Hall,  London, 1997.},
  journal = {Statistics in Medicine}
}

@article{Boulton|Wallace:1969,
	doi={},
	url = {},
	year = {1969},
	journal = {Journal of Theoretical Biology},
	volume  = {23},
	pages = {269--278},
	author = {D. M. Boulton and C. S. Wallace}
}



@article{Shannon:1948,
  doi = {10.1002/j.1538-7305.1948.tb01338.x},
  url = {https://doi.org/10.1002/j.1538-7305.1948.tb01338.x},
  year  = {1948},
  month = {jul},
  publisher = {Institute of Electrical and Electronics Engineers ({IEEE})},
  volume = {27},
  number = {3},
  pages = {379--423},
  author = {C. E. Shannon},
  title = {A Mathematical Theory of Communication},
  journal = {Bell System Technical Journal}
}


@article{mitschang2014quantitative,
  title={Quantitative chemical tagging, stellar ages and the chemo-dynamical evolution of the Galactic disc},
  author={Mitschang, AW and De Silva, G and Zucker, DB and Anguiano, B and Bensby, Thomas and Feltzing, Sofia},
  journal={Monthly Notices of the Royal Astronomical Society},
  volume={438},
  number={4},
  pages={2753--2764},
  year={2014},
  publisher={Oxford University Press}
}

@Article{Pettitt77S,
title ="The Kolmogorov-Smirnov Goodness-of-Fit Statistic with Discrete and Grouped Data",
author = "A. N. Pettitt and M. A. Stephens",
journal= "Technometrics",
volume= "19",
number= "2",
pages="205-210",
year="1977",
publisher= "American Statistical Association and American Society for Quality",
} 

@article{kullback1951information,
  title={On information and sufficiency},
  author={Kullback, Solomon and Leibler, Richard A},
  journal={The annals of mathematical statistics},
  volume={22},
  number={1},
  pages={79--86},
  year={1951},
  publisher={JSTOR}
}


book{Conway:88,
        author = "Conway, J.H. and Sloane, N.J.A", 
        title = "Sphere Packings, Lattices and Groups",
        publisher = "Springer-Verlag",
        address = "London",
        year = 1988
        }

@article{Dowe2008a,
        author = "D. L. Dowe",
        title = "{Foreword re C. S. Wallace}",
        journal = "{Computer Journal}",
        volume = "51",
        number =  "5",
        month = "September",
        year = "2008",
        pages = "523 - 560",
        note = "{Christopher Stewart WALLACE} (1933-2004) memorial special
                issue",
        }

@INPROCEEDINGS{Dowe2011a,       
        author = "D. L. Dowe",
        TITLE  = "{MML, hybrid Bayesian network graphical models,
                  statistical consistency, invariance and uniqueness}",
        BOOKTITLE = "{Handbook of the Philosophy of Science -
                      Volume 7: Philosophy of Statistics}",
        YEAR = "2011",
        EDITOR = "{P. S. Bandyopadhyay and M. R. Forster}",
        publisher = "{Elsevier}",
        pages = "901-982",
}

@InProceedings{DoweOliverWallace1996a,
  author =      "D. L. Dowe and J. J. Oliver and C. S.
                 Wallace",
  title =       "{MML} estimation of the parameters of the spherical
                 {F}isher distribution",
  booktitle =   "Algorithmic Learning Theory, 7th International
                 Workshop, {ALT} '96, Sydney, Australia, October 1996,
                 Proceedings",
  series =      "Lecture Notes in Artificial Intelligence",
  volume =      "1160",
  month =       "October",
  year =        "1996",
  pages =       "213--227",
  publisher =   "Springer",
}

@inproceedings{DoweWallace1997a,
        author = "Dowe, D. L. and Wallace, C. S.",
        title = "Resolving the {N}eyman-{S}cott problem by
                {M}inimum {M}essage {L}ength",
        booktitle = "Proc. Computing Science and Statistics - 28th Symposium
                     on the interface",
        year = "1997",
        volume = "28",
        pages = "614--618",
        }

@InProceedings{EdwardsDowe1998,
  author =      "R. T. Edwards and D. L. Dowe",
  title =       "Single Factor Analysis in {MML} Mixture Modelling",
  pages =       "96--109",
  ISBN =        "3-540-64383-4",
  editor =      "Xindong Wu and Ramamohanarao Kotagiri and Kevin B.
                 Korb",
  booktitle =   "Proceedings of the 2nd Pacific-Asia Conference on
                 Research and Development in Knowledge Discovery and
                 Data Mining ({PAKDD}-98)",
  series =      "Lecture Notes in Artificial Intelligence (LNAI)",
  volume =      1394,
  publisher =   "Springer",
  year =        "1998",
}

@Article{WallaceBoulton1968,
  author =      "C. S. Wallace and D. M. Boulton",
  title =       "An Information Measure for Classification",
  volume =      "11",
  number =      "2",
  year =        "1968",
  pages =       "185--194",
  comment =     "Introduces idea that `best classification is that which results in the briefest recording of all the
                 attribute information'",
  keywords =    "Formerly wb-imc-68,  The Computer Journal",
 journal =     "Computer Journal",
}

@TechReport{WallaceDowe1993,
  author =      "C. S. Wallace and D. L. Dowe",
  title =       "{MML} Estimation of the von {M}ises concentration  parameter",
  institution =  "Dept. of Computer Science, Monash University, Clayton 3168, Australia",
  type =        "Technical Report",
  number =      "93/193",
  month =       "December",
  year =        "1993",
  keywords =    "formerly Wallace:93e",
}

@InProceedings{WallaceDowe1994b,
  author =      "C. S. Wallace and D. L. Dowe",
  title =       "Intrinsic classification by {MML} - the {S}nob program",
  booktitle =   "Proc. 7th Australian Joint Conf. on Artificial Intelligence",
  location =    "Armidale, NSW, Australia",
  pages =       "37--44",
  year =        "1994",
  publisher =   "World Scientific",
}

@Article{WallaceDowe1997a,
  author =      "C. S. Wallace and D. L. Dowe",
  title =       "{MML} mixture modelling of multi-state, {P}oisson, von
  {M}ises circular and {G}aussian distributions",
  journal =     "Proc 28th Symp. on the Interface",
  pages =       "608--613",
  year =        "1997",
  }

@Article{WallaceDowe1999a,
title = "Minimum Message Length and {K}olmogorov Complexity",
author = "C. S. Wallace and D. L. Dowe",
journal = "Computer Journal",
year = "1999",
number = "4",
volume = "42",
pages = "270--283",
}

@article{WallaceDowe2000,
        author = "Wallace, C. S. and Dowe, D. L.",
        title = "{MML} clustering of multi-state, {P}oisson, von {M}ises circular and {G}aussian distributions",
        journal = "Statistics and Computing",
        volume = 10,
        pages = "73-83",
        month = "January",
        year = 2000,
        }

@Article{WallaceFreeman1987,
  author =      "C. S. Wallace and P. R. Freeman",
  title =       "Estimation and inference by compact coding",
  journal =     "Journal of the Royal Statistical Society series B",
  volume =      "49",
  number =      "3",
  pages =       "240--252",
  year =        "1987",
}
